
@article{blow-naturegen-2010,
  title={{ChIP--Seq identification of weakly conserved heart enhancers}},
  author={Blow, Matthew J and McCulley, David J and Li, Zirong and Zhang, Tao and Akiyama, Jennifer A and Holt, Amy and Plajzer-Frick, Ingrid and Shoukry, Malak and Wright, Crystal and Chen, Feng and Afzal, Veena and Bristow, James Ren, Bing and Black, Brian L and Rubin, Edward M and Visel, Axel and Pennacchio, Len A},
  journal={Nature Genetics},
  volume={42},
  number={9},
  pages={806--810},
  year={2010},
  publisher={Nature Publishing Group}
}

@article{weirauch-trendsgen-2010,
  title={{Conserved expression without conserved regulatory sequence: the more things change, the more they stay the same}},
  author={Weirauch, Matthew T and Hughes, Timothy R},
  journal={Trends in Genetics},
  volume={26},
  number={2},
  pages={66--74},
  year={2010},
  publisher={Elsevier}
}
